



@article{landweber_76,
 ISSN = {00029327, 10806377},
 URL = {http://www.jstor.org/stable/2373808},
 author = {Peter S. Landweber},
 journal = {American Journal of Mathematics},
 number = {3},
 pages = {591--610},
 publisher = {Johns Hopkins University Press},
 title = {Homological Properties of Comodules Over $MU^*(MU)$ and $BP^*(BP)$},
 volume = {98},
 year = {1976}
}


@article{milnor_1958,
	title = {The {Steenrod} {Algebra} and {Its} {Dual}},
	volume = {67},
	issn = {0003486X},
	url = {https://www.jstor.org/stable/1969932?origin=crossref},
	doi = {10.2307/1969932},
	number = {1},
	journal = {The Annals of Mathematics},
	author = {Milnor, John},
	month = jan,
	year = {1958},
	pages = {150--171},
}


@misc{rognes_2023,
  author = {John Rognes},
  title = {Chromatic homotopy theory},
  year = {2023},
  note = {MAT4580/MAT9580 Lecture notes},
  url = {https://www.mn.uio.no/math/personer/vit/rognes/kurs.html},
}


@article{brown_1962,
  author = {Edgar H. Brown},
  journal = {Annals of Mathematics},
  title = {Cohomology theories},
  year = {1962},
  volume = {75},
  number = {3},
  pages = {467--484},
}

@book{ekmm_2007,
	address = {Providence, Rhode Island},
	series = {Mathematical {Surveys} and {Monographs}},
	title = {Rings, {Modules}, and {Algebras} in {Stable} {Homotopy} {Theory}},
	volume = {47},
	isbn = {978-0-8218-4303-1 978-1-4704-1278-4},
	url = {http://www.ams.org/surv/047},
	publisher = {American Mathematical Society},
	author = {Elmendorf, Anthony and Kriz, Igor and Mandell, Michael and May, Jon P.},
	year = {2007},
	doi = {10.1090/surv/047},
}


@article{quillen_1969,
	title = {On the formal group laws of unoriented and complex cobordism theory},
	volume = {75},
	issn = {0002-9904, 1936-881X},
	url = {https://projecteuclid.org/journals/bulletin-of-the-american-mathematical-society/volume-75/issue-6/On-the-formal-group-laws-of-unoriented-and-complex-cobordism/bams/1183530915.full},
	number = {6},
	journal = {Bulletin of the American Mathematical Society},
	author = {Quillen, Daniel},
	year = {1969},
	pages = {1293--1298},
}


@article{neeman_1992,
	title = {The connection between the $K$-theory localization theorem of {Thomason}, {Trobaugh} and {Yao} and the smashing subcategories of {Bousfield} and {Ravenel}},
	volume = {25},
	issn = {0012-9593},
	url = {https://eudml.org/doc/82328},
	number = {5},
	journal = {Annales scientifiques de l'École Normale Supérieure},
	author = {Neeman, Amnon},
	year = {1992},
	pages = {547--566},
}


@music{joy-division_79,
  author = {Joy Division},
  title = {Unknown Pleasures},
  year = {1979},
  howpublished = {Factory Records}
}

@article{aambo_2024_algebraicity,
  title   = {Algebraicity in monochromatic homotopy theory},
  author  = {Torgeir Aambø},
  year    = {2024},
  journal = {To appear in Algebraic \& Geometric topology},
  note    = {arXiv:2403.07725}
}


@misc{aambo_2024_localizing,
  title         = {Classification of localizing subcategories along t-structures},
  author        = {Torgeir Aambø},
  year          = {2024},
  eprint        = {2412.09391},
  archiveprefix = {arXiv},
  primaryclass  = {math.AT},
  url           = {https://arxiv.org/abs/2412.09391}
}


@misc{aambo_2024_positselski,
  title         = {Positselski duality in stable $\infty$-categories},
  author        = {Torgeir Aambø},
  year          = {2024},
  eprint        = {2411.04060},
  archiveprefix = {arXiv},
  primaryclass  = {math.AT},
  url           = {https://arxiv.org/abs/2411.04060}
}

@article{aambo_2025_nerves,
  title   = {Balmer didn't need nerves of steel},
  author  = {Torgeir Aambø},
  year    = {2025},
  journal = {},
  note    = {}
}

@article{adams_58,
  title   = {On the structure and applications of the {S}teenrod algebra},
  volume  = {32},
  issn    = {1420-8946},
  url     = {https://doi.org/10.1007/BF02564578},
  doi     = {10.1007/BF02564578},
  number  = {1},
  journal = {Commentarii Mathematici Helvetici},
  author  = {Adams, John F.},
  year    = {1958},
  pages   = {180--214}
}

Merlin Christ, Spherical Monadic Adjunctions of Stable Infinity Categories, International Mathematics Research Notices, Volume 2023, Issue 15, July 2023, Pages 13153–13213

@book{adams_74,
  address   = {Chicago, IL},
  series    = {Chicago {Lectures} in {Mathematics}},
  title     = {Stable {Homotopy} and {Generalised} {Homology}},
  note      = {ISBN: 978-0-226-00524-9},
  url       = {https://press.uchicago.edu/ucp/books/book/chicago/S/bo21302708.html},
  publisher = {University of Chicago Press},
  author    = {Adams, John F.},
  year      = {1974}
}

@article{angeltveit_2011,
  title   = {Uniqueness of {Morava} {K}-theory},
  volume  = {147},
  issn    = {1570-5846, 0010-437X},
  url     = {https://www.cambridge.org/core/journals/compositio-mathematica/article/uniqueness-of-morava-ktheory/A3B8476F94B4E95A8026D62B4961D5A6},
  doi     = {10.1112/S0010437X10005026},
  number  = {2},
  journal = {Compositio Mathematica},
  author  = {Angeltveit, Vigleik},
  year    = {2011},
  pages   = {633--648}
}

@misc{antieau_2021,
  title         = {On the uniqueness of infinity-categorical enhancements of triangulated categories},
  author        = {Benjamin Antieau},
  year          = {2021},
  eprint        = {1812.01526},
  archiveprefix = {arXiv},
  primaryclass  = {math.AG}
}

@article{antieau_nikolaus_2020,
  title     = {Cartier modules and cyclotomic spectra},
  volume    = {34},
  copyright = {https://www.ams.org/publications/copyright-and-permissions},
  issn      = {0894-0347, 1088-6834},
  url       = {https://www.ams.org/jams/2021-34-01/S0894-0347-2020-00951-1/},
  doi       = {10.1090/jams/951},
  number    = {1},
  journal   = {Journal of the American Mathematical Society},
  author    = {Antieau, Benjamin and Nikolaus, Thomas},
  year      = {2020},
  pages     = {1--78}
}

@article{antieau-gepner-heller_2019,
  author  = {Benjamin Antieau and David Gepner and Jeremiah Heller},
  journal = {Inventiones Mathematicae},
  title   = {$K$-theoretic obstructions to bounded $t$-structures},
  year    = {2019},
  volume  = {216},
  pages   = {241--300}
}


@article{baas_73a,
  title   = {On bordism theory of manifolds with singularities},
  volume  = {33},
  issn    = {0025-5521},
  url     = {https://www.jstor.org/stable/24490631},
  number  = {2},
  journal = {Mathematica Scandinavica},
  author  = {Baas, Nils A.},
  year    = {1973},
  pages   = {279--302}
}


@article{baas_73b,
  title   = {On formal groups and singularities in complex cobordism theory},
  volume  = {33},
  issn    = {0025-5521},
  url     = {https://www.jstor.org/stable/24490632},
  number  = {2},
  journal = {Mathematica Scandinavica},
  author  = {Baas, Nils A.},
  year    = {1973},
  pages   = {303--313}
}


@article{baker_2009,
  author  = {Andrew Baker},
  journal = {Contemporary Mathematics},
  title   = {$L$-complete Hopf algebroids and their comodules},
  year    = {2009},
  volume  = {504},
  pages   = {1--22}
}


@misc{balchin-roitzheim-williamson_23,
  title         = {Tensor-triangular rigidity in chromatic homotopy theory},
  author        = {Scott Balchin and Constanze Roitzheim and Jordan Williamson},
  year          = {2023},
  eprint        = {2302.12134},
  archiveprefix = {arXiv},
  primaryclass  = {math.AT}
}


@inproceedings{balmer_2005,
  title     = {The spectrum of prime ideals in tensor triangulated categories},
  volume    = {2005},
  url       = {https://www.degruyter.com/document/doi/10.1515/crll.2005.2005.588.149/html},
  doi       = {10.1515/crll.2005.2005.588.149},
  booktitle = {Journal für die reine und angewandte {Mathematik} ({Crelles} {Journal})},
  author    = {Balmer, Paul},
  year      = {2005},
  pages     = {149--168}
}




@article{balmer_2019,
  title   = {Nilpotence theorems via homological residue fields},
  volume  = {2},
  issn    = {2576-7666},
  doi     = {10.2140/tunis.2020.2.359},
  number  = {2},
  journal = {Tunisian Journal of Mathematics},
  author  = {Balmer, Paul},
  year    = {2019},
  pages   = {359--378}
}



@article{balmer_2020,
  title    = {Homological support of big objects in tensor-triangulated categories},
  volume   = {7},
  issn     = {2270-518X},
  doi      = {10.5802/jep.135},
  language = {en},
  journal  = {Journal de l'École polytechnique - Mathématiques},
  author   = {Balmer, Paul},
  year     = {2020},
  pages    = {1069--1088}
}


@article{balmer_krause_stevenson_2019,
  title   = {Tensor-triangular fields: {Ruminations}},
  volume  = {25},
  issn    = {1022-1824, 1420-9020},
  doi     = {10.1007/s00029-019-0454-2},
  number  = {1},
  journal = {Selecta Mathematica},
  author  = {Balmer, Paul and Krause, Henning and Stevenson, Greg},
  year    = {2019},
  pages   = {13}
}



@article{balmer_krause_stevenson_2020,
  title   = {The frame of smashing tensor-ideals},
  volume  = {168},
  issn    = {0305-0041, 1469-8064},
  doi     = {10.1017/S0305004118000725},
  number  = {2},
  journal = {Mathematical Proceedings of the Cambridge Philosophical Society},
  author  = {Balmer, Paul and Krause, Henning and Stevenson, Greg},
  year    = {2020},
  pages   = {323--343}
}

@article{balmer-sanders_2017,
  title   = {The spectrum of the equivariant stable homotopy category of a finite group},
  volume  = {208},
  issn    = {1432-1297},
  url     = {https://doi.org/10.1007/s00222-016-0691-3},
  doi     = {10.1007/s00222-016-0691-3},
  number  = {1},
  urldate = {2024-02-22},
  journal = {Inventiones Mathematicae},
  author  = {Balmer, Paul and Sanders, Beren},
  year    = {2017},
  pages   = {283--326}
}


@misc{barkan_2023,
  title         = {Chromatic Homotopy is Monoidally Algebraic at Large Primes},
  author        = {Shaul Barkan},
  year          = {2023},
  eprint        = {2304.14457},
  archiveprefix = {arXiv},
  primaryclass  = {math.AT}
}



@article{barnes-roitzheim_2011,
  title   = {Monoidality of {F}ranke's exotic model},
  volume  = {228},
  issn    = {0001-8708},
  url     = {https://www.sciencedirect.com/science/article/pii/S0001870811002908},
  number  = {6},
  journal = {Advances in mathematics},
  author  = {David Barnes and Constanze Roitzheim},
  year    = {2011},
  pages   = {3223--3248}
}


@article{barthel_castellana_heard_sanders_2024,
  title   = {On surjectivity in tensor triangular geometry},
  volume  = {308},
  issn    = {1432-1823},
  doi     = {10.1007/s00209-024-03618-1},
  number  = {4},
  journal = {Mathematische Zeitschrift},
  author  = {Barthel, Tobias and Castellana, Natàlia and Heard, Drew and Sanders, Beren},
  year    = {2024},
  pages   = {65}
}



@article{barthel_heard_sanders_2022,
  title     = {Stratification and the comparison between homological and tensor triangular support},
  volume    = {74},
  issn      = {1464-3847},
  url       = {http://dx.doi.org/10.1093/qmath/haac040},
  doi       = {10.1093/qmath/haac040},
  number    = {2},
  journal   = {The Quarterly Journal of Mathematics},
  publisher = {Oxford University Press (OUP)},
  author    = {Barthel, Tobias and Heard, Drew and Sanders, Beren},
  year      = {2022},
  pages     = {747--766}
}




@misc{barthel_heard_sanders_zou_2024,
  title         = {Homological stratification and descent},
  author        = {Tobias Barthel and Drew Heard and Beren Sanders and Changhan Zou},
  year          = {2024},
  eprint        = {2412.13956},
  archiveprefix = {arXiv},
  primaryclass  = {math.CT},
  url           = {https://arxiv.org/abs/2412.13956}
}


@misc{barthel_schlank_stapleton_weinstein_2024,
  title         = {On the rationalization of the $K(n)$-local sphere},
  author        = {Tobias Barthel and Tomer M. Schlank and Nathaniel Stapleton and Jared Weinstein},
  year          = {2024},
  eprint        = {2402.00960},
  archiveprefix = {arXiv},
  primaryclass  = {AT},
  url           = {https://arxiv.org/abs/2402.00960}
}



@incollection{barthel-beaudry_19,
  title     = {Chromatic structures in stable homotopy theory},
  isbn      = {978-1-351-25162-4},
  booktitle = {Handbook of {Homotopy} {Theory}},
  publisher = {Chapman and Hall/CRC},
  author    = {Tobias Barthel and Agnès Beaudry},
  year      = {2019}
}


@article{barthel-frankland_15,
  title   = {Completed power operations for {Morava} $E$-theory},
  volume  = {15},
  issn    = {1472-2747, 1472-2739},
  url     = {https://projecteuclid.org/journals/algebraic-and-geometric-topology/volume-15/issue-4/Completed-power-operations-for-Morava-Etheory/10.2140/agt.2015.15.2065.full},
  doi     = {10.2140/agt.2015.15.2065},
  number  = {4},
  journal = {Algebraic \& Geometric Topology},
  author  = {Tobias Barthel and Martin Frankland},
  year    = {2015},
  pages   = {2065--2131}
}



@article{barthel-heard_16,
  title   = {The ${E}_2$-term of the ${K}(n)$-local ${E}_n$-{Adams} spectral sequence},
  volume  = {206},
  issn    = {0166-8641},
  url     = {https://www.sciencedirect.com/science/article/pii/S0166864116300050},
  doi     = {10.1016/j.topol.2016.03.024},
  journal = {Topology and its Applications},
  author  = {Tobias Barthel and Drew Heard},
  year    = {2016},
  pages   = {190--214}
}


@article{barthel-heard_2018,
  title   = {Algebraic chromatic homotopy theory for $BP_*BP$-comodules},
  volume  = {117},
  issn    = {00246115},
  url     = {http://arxiv.org/abs/1708.09261},
  doi     = {10.1112/plms.12158},
  number  = {6},
  journal = {Proceedings of the London Mathematical Society},
  author  = {Barthel, Tobias and Heard, Drew},
  year    = {2018},
  note    = {arXiv:1708.09261 [math]},
  pages   = {1135--1180}
}


@article{barthel-heard-valenzuela_2018,
  title   = {Local duality in algebra and topology},
  volume  = {335},
  issn    = {0001-8708},
  url     = {https://www.sciencedirect.com/science/article/pii/S0001870818302652},
  doi     = {10.1016/j.aim.2018.07.017},
  journal = {Advances in Mathematics},
  author  = {Tobias Barthel and Drew Heard and Gabriel Valenzuela},
  year    = {2018},
  pages   = {563--663}
}


@article{barthel-heard-valenzuela_2018_structured,
  title   = {Local duality for structured ring spectra},
  volume  = {222},
  issn    = {0022-4049},
  url     = {https://www.sciencedirect.com/science/article/pii/S0022404917300828},
  doi     = {10.1016/j.jpaa.2017.04.012},
  number  = {2},
  journal = {Journal of Pure and Applied Algebra},
  author  = {Barthel, Tobias and Heard, Drew and Valenzuela, Gabriel},
  year    = {2018},
  pages   = {433--463}
}




@article{barthel-heard-valenzuela_2020,
  title   = {Derived completion for comodules},
  volume  = {161},
  issn    = {0025-2611, 1432-1785},
  url     = {http://link.springer.com/10.1007/s00229-018-1094-0},
  doi     = {10.1007/s00229-018-1094-0},
  number  = {3-4},
  journal = {Manuscripta Mathematica},
  author  = {Tobias Barthel and Drew Heard and Gabriel Valenzuela},
  year    = {2020},
  pages   = {409--438}
}

@article{barthel-pstragowski_2021,
  title   = {{Morava} $K$-theory and filtrations by powers},
  issn    = {1474-7480, 1475-3030},
  url     = {https://www.cambridge.org/core/journals/journal-of-the-institute-of-mathematics-of-jussieu/article/morava-ktheory-and-filtrations-by-powers/C04BA18E128EAA813724288BAC2E6E87},
  doi     = {10.1017/S1474748023000233},
  journal = {Journal of the Institute of Mathematics of Jussieu},
  author  = {Tobias Barthel and Piotr Pstr\a{}gowski},
  year    = {2023},
  pages   = {1--77}
}



@article{barthel-schlank-stapleton_2020,
  title   = {Chromatic homotopy theory is asymptotically algebraic},
  volume  = {220},
  issn    = {1432-1297},
  url     = {https://doi.org/10.1007/s00222-019-00943-9},
  doi     = {10.1007/s00222-019-00943-9},
  number  = {3},
  journal = {Inventiones Mathematicae},
  author  = {Barthel, Tobias and Schlank, Tomer M. and Stapleton, Nathaniel},
  year    = {2020},
  pages   = {737--845}
}




@article{barthel-schlank-stapleton_2021,
  title   = {Monochromatic homotopy theory is asymptotically algebraic},
  volume  = {393},
  issn    = {0001-8708},
  url     = {https://www.sciencedirect.com/science/article/pii/S0001870821004382},
  doi     = {10.1016/j.aim.2021.107999},
  journal = {Advances in Mathematics},
  author  = {Barthel, Tobias and Schlank, Tomer M. and Stapleton, Nathaniel},
  year    = {2021}
}



@misc{barwick-glasman-haine_20,
  title         = {Exodromy},
  author        = {Clark Barwick and Saul Glasman and Peter Haine},
  year          = {2020},
  eprint        = {1807.03281},
  archiveprefix = {arXiv},
  primaryclass  = {math.AT}
}



@article{bayindir-peroux_2023,
  author  = {Haldun Özgör Bayindir and Maximilien Péroux},
  journal = {Journal of the London Mathematical Society},
  title   = {Spanier--Whitehead duality for topological coHochschild homology},
  year    = {2023},
  volume  = {107}
}


@article{behrens-shaw_2020,
  title   = {${C}_2$-equivariant stable homotopy from real motivic stable homotopy},
  volume  = {5},
  issn    = {2379-1691},
  url     = {https://msp.org/akt/2020/5-3/p03.xhtml},
  doi     = {10.2140/akt.2020.5.411},
  number  = {3},
  journal = {Annals of K-Theory},
  author  = {Behrens, Mark and Shah, Jay},
  year    = {2020},
  pages   = {411--464}
}


@article{beilinson-bernstein-deligne_1983,
  author  = {Alexander Beilinson and Joseph Bernstein and Pierre Deligne},
  journal = {Astérisque},
  title   = {Faisceaux pervers},
  year    = {1982},
  volume  = {100}
}

@misc{biedermann2004injective,
  title         = {Injective completion with respect to homology},
  author        = {Georg Biedermann},
  year          = {2004},
  eprint        = {math/0412387},
  archiveprefix = {arXiv},
  primaryclass  = {math.AT}
}


@article{bohm-brzezinski-wisbauer_2009,
  title   = {Monads and comonads on module categories},
  volume  = {322},
  issn    = {0021-8693},
  doi     = {10.1016/j.jalgebra.2009.06.003},
  number  = {5},
  urldate = {2024-10-01},
  journal = {Journal of Algebra},
  author  = {Böhm, Gabriella and Brzezi\n{}ski, Tomasz and Wisbauer, Robert},
  year    = {2009},
  pages   = {1719--1747}
}

@article{bousfield_1979_bool,
  title   = {The {Boolean} algebra of spectra},
  volume  = {54},
  issn    = {1420-8946},
  url     = {https://doi.org/10.1007/BF02566281},
  doi     = {10.1007/BF02566281},
  number  = {1},
  journal = {Commentarii Mathematici Helvetici},
  author  = {Bousfield, Aldridge K.},
  year    = {1979},
  pages   = {368--377}
}

@article{bousfield_1979_localization,
  title   = {The localization of spectra with respect to homology},
  volume  = {18},
  issn    = {0040-9383},
  url     = {https://www.sciencedirect.com/science/article/pii/0040938379900181},
  doi     = {10.1016/0040-9383(79)90018-1},
  number  = {4},
  journal = {Topology},
  author  = {Bousfield, Aldridge K.},
  year    = {1979},
  pages   = {257--281}
}


@article{bousfield_1985,
  title   = {On the homotopy theory of {K}-local spectra at an odd prime},
  volume  = {107},
  issn    = {00029327},
  url     = {https://www.jstor.org/stable/2374361?origin=crossref},
  doi     = {10.2307/2374361},
  number  = {4},
  journal = {American Journal of Mathematics},
  author  = {Bousfield, Aldridge K.},
  year    = {1985},
  pages   = {895--932}
}

@inproceedings{bousfield_1996,
  address   = {Basel},
  title     = {Unstable localization and periodicity},
  isbn      = {978-3-0348-9018-2},
  booktitle = {Algebraic {Topology}: {New} {Trends} in {Localization} and {Periodicity}},
  publisher = {Birkhäuser Basel},
  author    = {Bousfield, Aldridge K.},
  year      = {1996},
  pages     = {33--50}
}

@misc{brantner-mathew_2023,
  title         = {Deformation Theory and Partition Lie Algebras},
  author        = {Lukas Brantner and Akhil Mathew},
  year          = {2023},
  eprint        = {1904.07352},
  archiveprefix = {arXiv},
  primaryclass  = {math.AG},
  url           = {https://arxiv.org/abs/1904.07352}
}

@book{brodmann-sharp_1998,
  address    = {Cambridge},
  edition    = {2},
  series     = {Cambridge {Studies} in {Advanced} {Mathematics}},
  title      = {Local {Cohomology}: {An} {Algebraic} {Introduction} with {Geometric} {Applications}},
  note       = {ISBN: 978-0-521-51363-0},
  shorttitle = {Local {Cohomology}},
  url        = {https://www.cambridge.org/core/books/local-cohomology/58A833CCD2D0F834644781AFB1351657},
  publisher  = {Cambridge University Press},
  author     = {Brodmann, Markus and Sharp, Rodney},
  year       = {2012},
  doi        = {10.1017/CBO9781139044059}
}

@article{brzezinski_2010,
  author  = {Tomasz Brzezi\n{}ski},
  journal = {Algebras and representation theory},
  title   = {The structure of corings: Induction functors, Maschke-type theorem, and Frobenius and Galois-type properties},
  year    = {2010},
  volume  = {5},
  pages   = {389--410}
}

@misc{burklund_2022,
  title         = {Multiplicative structures on Moore spectra},
  author        = {Robert Burklund},
  year          = {2022},
  eprint        = {2203.14787},
  archiveprefix = {arXiv},
  primaryclass  = {math.AT},
  url           = {https://arxiv.org/abs/2203.14787}
}


@misc{burklund-hahn-levy-schlank_23,
  title         = {$K$-theoretic counterexamples to {Ravenel}'s telescope conjecture},
  author        = {Robert Burklund and Jeremy Hahn and Ishan Levy and Tomer M. Schlank},
  year          = {2023},
  eprint        = {2310.17459},
  archiveprefix = {arXiv},
  primaryclass  = {math.AT}
}


@misc{burklund-hahn-senger_22,
  title         = {Galois reconstruction of Artin-Tate $\mathbb{R}$-motivic spectra},
  author        = {Robert Burklund and Jeremy Hahn and Andrew Senger},
  year          = {2022},
  eprint        = {2010.10325},
  archiveprefix = {arXiv},
  primaryclass  = {math.AT}
}

@article{burklund-hahn-senger_23,
  author  = {Robert Burklund and Jeremy Hahn and Andrew Senger},
  journal = {Acta Mathematica},
  number  = {2},
  title   = {On the boundaries of highly connected, almost closed manifolds},
  volume  = {231},
  year    = {2023},
  pages   = {205--344}
}

@amisc{burklund-pstragowski_2023,
  title         = {Quivers and the Adams spectral sequence},
  author        = {Robert Burklund and Piotr Pstr\a{}gowski},
  year          = {2023},
  eprint        = {2305.08231},
  archiveprefix = {arXiv},
  primaryclass  = {math.AT}
}

@article{cameron-stevenson_2023,
  author  = {James Cameron and Greg stevenson},
  journal = {ArXiV},
  number  = {?},
  title   = {Homological residue fields as comodules over coalgebras},
  volume  = {?},
  year    = {2023}
}

@misc{chen_2024,
  title         = {Costability of Comodules},
  author        = {Fei Yu Chen},
  year          = {2024},
  eprint        = {2404.08082},
  archiveprefix = {arXiv},
  primaryclass  = {math.CT},
  url           = {https://arxiv.org/abs/2404.08082}
}

@article{christ_2023,
  author  = {Merlin Christ},
  journal = {International Mathematics Research Notices},
  title   = {Spherical monadic adjunctions of stable infinity categories},
  year    = {2023},
  volume  = {2023}
}


@article{clausen-mathew_2021,
  title   = {Hyperdescent and étale {K}-theory},
  volume  = {225},
  issn    = {1432-1297},
  url     = {https://doi.org/10.1007/s00222-021-01043-3},
  doi     = {10.1007/s00222-021-01043-3},
  number  = {3},
  journal = {Inventiones Mathematicae},
  author  = {Dustin Clausen and Akhil Mathew},
  year    = {2021},
  pages   = {981--1076}
}

@article{davis-lawson_2014,
  author  = {Daniel G. Davis and Tyler Lawson},
  journal = {Geometry and Topology},
  title   = {Commutative ring objects in pro-categories and generalized Moore spectra},
  year    = {2014},
  volume  = {18},
  pages   = {103--140}
}

@article{devinatz_97,
  title   = {Morava modules and {Brown}-{Comenetz} duality},
  volume  = {119},
  issn    = {0002-9327},
  url     = {https://www.jstor.org/stable/25098553},
  number  = {4},
  journal = {American Journal of Mathematics},
  author  = {Devinatz, Ethan S.},
  year    = {1997},
  pages   = {741--770}
}

@article{devinatz-hopkins_2004,
  title   = {Homotopy fixed point spectra for closed subgroups of the {Morava} stabilizer groups},
  volume  = {43},
  issn    = {0040-9383},
  url     = {https://www.sciencedirect.com/science/article/pii/S0040938303000296},
  doi     = {10.1016/S0040-9383(03)00029-6},
  number  = {1},
  journal = {Topology},
  author  = {Devinatz, Ethan S. and Hopkins, Michael J.},
  year    = {2004}
}


@article{dyckerhoff-kaparanov-schechtman-soibelman_2024,
  title   = {Spherical adjunctions of stable $\infty$-categories and the relative {S}-construction},
  volume  = {307},
  issn    = {1432-1823},
  url     = {https://doi.org/10.1007/s00209-024-03549-x},
  doi     = {10.1007/s00209-024-03549-x},
  number  = {4},
  urldate = {2024-11-06},
  journal = {Mathematische Zeitschrift},
  author  = {Dyckerhoff, Tobias and Kapranov, Mikhail and Schechtman, Vadim and Soibelman, Yan},
  year    = {2024},
  pages   = {73}
}

@article{eilenberg-moore_65,
  author  = {Samuel Eilenberg and John Moore},
  journal = {Memoirs of the American Mathematical Society},
  number  = {55},
  title   = {Foundations of relative homological algebra},
  year    = {1965}
}

@article{elmanto-kolderup_2020,
  author  = {Elden Elmanto and Håkon Kolderup},
  journal = {Annals of K-theory},
  title   = {On modules over motivic ring spectra},
  year    = {2020},
  volume  = {5},
  pages   = {327--355}
}


@article{franke_96,
  title   = {Uniqueness for certain categories with an {A}dams {SS}},
  url     = {},
  journal = {K-theory preprint archives},
  author  = {Jens Franke},
  volume  = {139},
  year    = {1996},
  pages   = {}
}


@article{gabriel_1962,
  title   = {Des catégories abéliennes},
  volume  = {90},
  issn    = {2102-622X},
  url     = {http://www.numdam.org/item/?id=BSMF_1962__90__323_0},
  doi     = {10.24033/bsmf.1583},
  journal = {Bulletin de la Société Mathématique de France},
  author  = {Gabriel, Pierre},
  year    = {1962},
  pages   = {323--448}
}

@article{georghe-isaksen-krause-ricka_2022,
  title   = {$\mathbb{C}$-motivic modular forms},
  volume  = {24},
  issn    = {1435-9855},
  url     = {https://ems.press/journals/jems/articles/3375059},
  doi     = {10.4171/jems/1171},
  number  = {10},
  journal = {Journal of the European Mathematical Society},
  author  = {Gheorghe, Bogdan and Isaksen, Daniel C. and Krause, Achim and Ricka, Nicolas},
  year    = {2021},
  pages   = {3597--3628}
}


@incollection{goerss-hopkins_04,
  address   = {Cambridge},
  series    = {London {Mathematical} {Society} {Lecture} {Note} {Series}},
  title     = {Moduli spaces of commutative ring spectra},
  isbn      = {978-0-521-60305-8},
  url       = {https://www.cambridge.org/core/books/structured-ring-spectra/moduli-spaces-of-commutative-ring-spectra/73266E14DFE4F3CFE818F93113B04249},
  booktitle = {Structured ring spectra},
  publisher = {Cambridge University Press},
  author    = {Goerss, Paul G. and Hopkins, Michael J.},
  year      = {2004},
  doi       = {10.1017/CBO9780511529955.009},
  pages     = {151--200}
}


@incollection{greenlees-may_1995,
  author    = {Greenlees, John P. C. and May, Jon P.},
  booktitle = {Handbook of algebraic topology},
  title     = {Completions in algebra and topology},
  year      = {1995},
  publisher = {North-Holland, Amsterdam},
  pages     = {255--276}
}



@article{greenlees-may_92,
  title   = {Derived functors of ${I}$-adic completion and local homology},
  volume  = {149},
  issn    = {0021-8693},
  url     = {https://www.sciencedirect.com/science/article/pii/002186939290026I},
  doi     = {10.1016/0021-8693(92)90026-I},
  number  = {2},
  journal = {Journal of Algebra},
  author  = {Greenlees, John P. C. and May, Jon P.},
  year    = {1992},
  pages   = {438--453}
}




@article{greenlees-shipley_2013,
  title   = {The {Cellularization} {Principle} for {Quillen} adjunctions},
  volume  = {15},
  issn    = {1532-0081},
  url     = {https://www.intlpress.com/site/pub/pages/journals/items/hha/content/vols/0015/0002/a011/abstract.php},
  doi     = {10.4310/HHA.2013.v15.n2.a11},
  number  = {2},
  journal = {Homology, Homotopy and Applications},
  author  = {Greenlees, John P. C. and Shipley, Brooke},
  year    = {2013},
  pages   = {173--184}
}


@article{hall-rydh_2017,
  title   = {The telescope conjecture for algebraic stacks},
  volume  = {10},
  url     = {https://urn.kb.se/resolve?urn=urn:nbn:se:kth:diva-212585},
  number  = {3},
  journal = {Journal of Topology},
  author  = {Hall, Jack and Rydh, David},
  year    = {2017},
  pages   = {776--794}
}



@article{heard_22,
  title   = {The ${S}p_{k,n}$-local stable homotopy category},
  volume  = {23},
  issn    = {1472-2739},
  url     = {https://msp.org/agt/2023/23-8/p07.xhtml},
  doi     = {10.2140/agt.2023.23.3655},
  number  = {8},
  journal = {Algebraic \& Geometric Topology},
  author  = {Drew Heard},
  year    = {2023},
  pages   = {3655--3706}
}



@amisc{heine-pstragowski_2023,
  title         = {Spectral weight filtrations},
  author        = {Peter J. Haine and Piotr Pstr\a{}gowski},
  year          = {2023},
  eprint        = {2309.15072},
  archiveprefix = {arXiv},
  primaryclass  = {math.AG}
}


@misc{hennion-porta-vezzosi_2016,
  title         = {Formal gluing along non-linear flags},
  author        = {Benjamin Hennion and Mauro Porta and Gabriele Vezzosi},
  year          = {2016},
  eprint        = {1607.04503},
  archiveprefix = {arXiv},
  primaryclass  = {math.AG}
}



@misc{hopkins-lurie_17,
  author = {Michael J. Hopkins and Jacob Lurie},
  title  = {On {B}rouer groups of {Lubin}--{Tate} spectra {I}},
  note   = {Available at \href{http://www.math.harvard.edu/lurie/papers/Brauer.pdf}{the authors website}},
  year   = {2017}
}




@article{hopkins-smith_1998,
  title   = {Nilpotence and {Stable} {Homotopy} {Theory} {II}},
  volume  = {148},
  issn    = {0003-486X},
  url     = {https://www.jstor.org/stable/120991},
  doi     = {10.2307/120991},
  number  = {1},
  journal = {Annals of Mathematics},
  author  = {Hopkins, Michael J. and Smith, Jeffrey H.},
  year    = {1998},
  pages   = {1--49}
}

@incollection{hovey_04,
  address   = {Providence, RI},
  series    = {Contemporary mathematics},
  volume    = {346},
  title     = {Homotopy theory of comodules over a Hopf algebroid},
  isbn      = {0-8218-3285-9},
  url       = {https://mathscinet.ams.org/mathscinet/relay-station?mr=2066503},
  booktitle = {Homotopy theory: relations with algebraic geometry, group cohomology, and algebraic {K}-theory},
  publisher = {American Mathematical Society},
  author    = {Hovey, Mark},
  year      = {2004},
  pages     = {261--304}
}


@incollection{hovey_95,
  series    = {Contemporary {Mathematics}},
  title     = {Bousfield localization functors and {Hopkins}' chromatic splitting conjecture},
  volume    = {181},
  isbn      = {978-0-8218-0296-0},
  booktitle = {The \v{C}ech centennial ({Boston}, {MA}, 1993)},
  publisher = {Amer. Math. Soc., Providence, RI},
  author    = {Hovey, Mark},
  year      = {1995},
  mrnumber  = {1320994},
  doi       = {10.1090/conm/181/02036},
  pages     = {225--250}
}

@book{hovey-palmiery-strickland_97,
  title     = {Axiomatic {Stable} {Homotopy} {Theory}},
  note      = {ISBN: 978-0-8218-0624-1},
  publisher = {American Mathematical Society},
  author    = {Hovey, Mark and Palmieri, John H. and Strickland, Neil P.},
  year      = {1997}
}

@article{hovey-strickland_2005a,
  title   = {Comodules and {Landweber} exact homology theories},
  volume  = {192},
  issn    = {0001-8708},
  url     = {https://www.sciencedirect.com/science/article/pii/S0001870804001288},
  doi     = {10.1016/j.aim.2004.04.011},
  number  = {2},
  journal = {Advances in Mathematics},
  author  = {Hovey, Mark and Strickland, Neil P.},
  year    = {2005},
  pages   = {427--456}
}

@article{hovey-strickland_2005b,
  title   = {Local cohomology of ${BP}_*{BP}$-comodules},
  volume  = {90},
  issn    = {0024-6115},
  url     = {https://doi.org/10.1112/S0024611504014972},
  doi     = {10.1112/S0024611504014972},
  number  = {2},
  journal = {Proceedings of the London Mathematical Society},
  author  = {Hovey, Mark and Strickland, Neil P.},
  year    = {2005},
  pages   = {521--544}
}



@book{hovey-strickland_99,
  series    = {Memoirs of the {American} {Mathematical} {Society}},
  title     = {Morava $K$-theories and localisation},
  volume    = {139},
  note      = {ISBN: 978-0-8218-1079-8},
  url       = {https://www.ams.org/memo/0666},
  publisher = {American Mathematical Society},
  author    = {Hovey, Mark and Strickland, Neil P.},
  year      = {1999},
  doi       = {10.1090/memo/0666}
}


@article{hristova-jones-rumynin_2023,
  author  = {Katerina Hristova and John Johes and Dmitriy Rumynin},
  journal = {São Paulo Journal of Mathematical Sciences},
  title   = {General comodule-contramodule correspondence},
  year    = {2023}
}



@misc{hyslop_2024,
  title         = {Towards the nerves of steel conjecture},
  author        = {Logan Hyslop},
  year          = {2024},
  eprint        = {2410.06320},
  archiveprefix = {arXiv},
  primaryclass  = {math.CT},
  url           = {https://arxiv.org/abs/2410.06320}
}



@article{ishak_19,
  title   = {Rigidity of the $K(1)$-local stable homotopy category},
  volume  = {21},
  issn    = {1532-0081},
  url     = {https://www.intlpress.com/site/pub/pages/journals/items/hha/content/vols/0021/0002/a014/abstract.php},
  doi     = {10.4310/HHA.2019.v21.n2.a14},
  number  = {2},
  journal = {Homology, Homotopy and Applications},
  author  = {Ishak, Jocelyne},
  year    = {2019},
  pages   = {261--278}
}

@article{ishak-roitzheim-williamson_2023,
  title   = {Levels of algebraicity in stable homotopy theories},
  volume  = {108},
  issn    = {1469-7750},
  doi     = {10.1112/jlms.12752},
  number  = {2},
  journal = {Journal of the London Mathematical Society},
  author  = {Ishak, Jocelyne and Roitzheim, Constanze and Williamson, Jordan},
  year    = {2023},
  pages   = {545--577}
}

@article{johnson-wilson_75,
  title   = {${BP}$ operations and {Morava}'s extraordinary {K}-theories},
  volume  = {144},
  issn    = {1432-1823},
  url     = {https://doi.org/10.1007/BF01214408},
  doi     = {10.1007/BF01214408},
  number  = {1},
  journal = {Mathematische Zeitschrift},
  author  = {Johnson, David C. and Wilson, Walter S.},
  year    = {1975},
  pages   = {55--75}
}

@article{joyal_02,
  series  = {Special volume celebrating the 70th birthday of professor {Max} {Kelly}},
  title   = {Quasi-categories and {Kan} complexes},
  volume  = {175},
  issn    = {0022-4049},
  url     = {https://www.sciencedirect.com/science/article/pii/S0022404902001354},
  doi     = {10.1016/S0022-4049(02)00135-4},
  number  = {1},
  journal = {Journal of Pure and Applied Algebra},
  author  = {Joyal, André},
  year    = {2002},
  pages   = {207--222}
}

@article{kanda_2015,
  title    = {Classification of categorical subspaces of locally noetherian schemes},
  volume   = {20},
  issn     = {1431-0635},
  doi      = {10.4171/dm/522},
  abstract = {Ryo Kanda},
  journal  = {Documenta Mathematica},
  author   = {Kanda, Ryo},
  year     = {2015},
  pages    = {1403--1465}
}


@article{kanda_classifying_2012,
  title   = {Classifying {Serre} subcategories via atom spectrum},
  volume  = {231},
  issn    = {0001-8708},
  url     = {https://www.sciencedirect.com/science/article/pii/S0001870812002599},
  doi     = {10.1016/j.aim.2012.07.009},
  number  = {3},
  journal = {Advances in Mathematics},
  author  = {Kanda, Ryo},
  year    = {2012},
  pages   = {1572--1588}
}


@article{kleiner_1990,
  author  = {Mark Kleiner},
  journal = {Journal of algebra},
  title   = {Adjoint monads and an isomorphism of the Kleisli categories},
  year    = {1990},
  volume  = {133},
  pages   = {79--82}
}

@article{krause_2000,
  title    = {Smashing subcategories and the telescope conjecture -- an algebraic approach},
  volume   = {139},
  issn     = {1432-1297},
  doi      = {10.1007/s002229900022},
  language = {en},
  number   = {1},
  journal  = {Inventiones mathematicae},
  author   = {Krause, Henning},
  year     = {2000},
  pages    = {99--133}
}

@article{krause_2008,
  title   = {Thick subcategories of modules over commutative noetherian rings (with an appendix by {Srikanth} {Iyengar})},
  volume  = {340},
  issn    = {1432-1807},
  url     = {https://doi.org/10.1007/s00208-007-0166-3},
  doi     = {10.1007/s00208-007-0166-3},
  number  = {4},
  journal = {Mathematische Annalen},
  author  = {Krause, Henning},
  year    = {2008},
  pages   = {733--747}
}


@incollection{krause_2010,
  address   = {Cambridge},
  series    = {London {Mathematical} {Society} {Lecture} {Note} {Series}},
  title     = {Localization theory for triangulated categories},
  isbn      = {978-0-521-74431-7},
  booktitle = {Triangulated {Categories}},
  publisher = {Cambridge University Press},
  author    = {Krause, Henning},
  editor    = {Jørgensen, Peter and Rouquier, Raphaël and Holm, Thorsten},
  year      = {2010},
  doi       = {10.1017/CBO9781139107075.005},
  pages     = {161--235}
}

@book{lefschetz_1942,
  author    = {Solomon Lefschetz},
  title     = {Algebraic topology},
  year      = {1942},
  publisher = {American Mathematical Society}
}

@misc{li-zhang_2023,
  title         = {The inverse limit topology and profinite descent on Picard groups in $K(n)$-local homotopy theory},
  author        = {Guchuan Li and Ningchuan Zhang},
  year          = {2023},
  eprint        = {2309.05039},
  archiveprefix = {arXiv},
  primaryclass  = {math.AT},
  url           = {https://arxiv.org/abs/2309.05039}
}


@article{lubin-tate_66,
  title   = {Formal moduli for one-parameter formal {Lie} groups},
  volume  = {94},
  issn    = {2102-622X},
  url     = {http://www.numdam.org/item/BSMF_1966__94__49_0/},
  doi     = {10.24033/bsmf.1633},
  journal = {Bulletin de la Société Mathématique de France},
  author  = {Lubin, Jonathan and Tate, John},
  year    = {1966},
  pages   = {49--59}
}


@book{lurie_09,
  title     = {Higher topos theory},
  note      = {ISBN: 978-0-691-14049-0},
  url       = {https://www.jstor.org/stable/j.ctt7s47v},
  publisher = {Princeton University Press},
  author    = {Lurie, Jacob},
  year      = {2009}
}


@misc{lurie_2018_ELL1,
  author = {Jacob Lurie},
  title  = {Elliptic cohomology I: Spectral abelian varieties},
  year   = {2018}
}



@misc{lurie_2018_ELL2,
  author = {Jacob Lurie},
  title  = {Elliptic cohomology II: Orientations},
  year   = {2018}
}



@misc{Lurie_HA,
  author = {Jacob Lurie},
  title  = {Higher algebra},
  year   = {2017},
  note   = {Available at \href{https://www.math.ias.edu/~lurie/papers/HA.pdf}{the authors website}.}
}



@book{lurie_SAG,
  author = {Jacob Lurie},
  date   = {},
  title  = {Spectral algebraic geometry},
  year   = {2016},
  note   = {Available at \href{https://www.math.ias.edu/~lurie/papers/SAG-rootfile.pdf}{the authors website}.}
}



@book{maclane-moerdijk_1994,
  author    = {Saunders MacLane and Ieke Moerdijk},
  title     = {Sheaves in geometry and logic: A first introduction to topos theory},
  year      = {1994},
  publisher = {Springer Verlag},
  series    = {Universitext}
}

@article{mathew_2016,
  title   = {The {Galois} group of a stable homotopy theory},
  volume  = {291},
  issn    = {0001-8708},
  url     = {https://www.sciencedirect.com/science/article/pii/S000187081500554X},
  doi     = {10.1016/j.aim.2015.12.017},
  journal = {Advances in Mathematics},
  author  = {Akhil Mathew},
  year    = {2016},
  pages   = {403--541}
}


@article{mathew-naumann-noel_2017,
  title   = {Nilpotence and descent in equivariant stable homotopy theory},
  volume  = {305},
  issn    = {0001-8708},
  url     = {https://www.sciencedirect.com/science/article/pii/S0001870815300062},
  doi     = {10.1016/j.aim.2016.09.027},
  journal = {Advances in Mathematics},
  author  = {Mathew, Akhil and Naumann, Niko and Noel, Justin},
  year    = {2017},
  pages   = {994--1084}
}


@article{naumann_07,
  title   = {The stack of formal groups in stable homotopy theory},
  volume  = {215},
  issn    = {0001-8708},
  url     = {https://www.sciencedirect.com/science/article/pii/S0001870807001235},
  doi     = {10.1016/j.aim.2007.04.007},
  number  = {2},
  journal = {Advances in Mathematics},
  author  = {Naumann, Niko},
  year    = {2007},
  pages   = {569--600}
}


@article{neeman_1992,
  title   = {The chromatic tower for $D(R)$},
  volume  = {31},
  issn    = {0040-9383},
  url     = {https://www.sciencedirect.com/science/article/pii/004093839290047L},
  doi     = {10.1016/0040-9383(92)90047-L},
  number  = {3},
  journal = {Topology},
  author  = {Neeman, Amnon and Bökstedt, Marcel},
  year    = {1992},
  pages   = {519--532}
}


@incollection{neeman_2014,
  title     = {Triangulated {Categories}},
  isbn      = {978-1-4008-3721-2},
  series    = {Annals of {Mathematical} {Studies}},
  volume    = {148},
  booktitle = {Triangulated {Categories}. ({AM}-148), {Volume} 148},
  publisher = {Princeton University Press},
  author    = {Neeman, Amnon},
  month     = sep,
  year      = {2014},
  doi       = {10.1515/9781400837212}
}

@article{nikandros-roitzheim_23,
  title         = {Monoidal Properties of Franke's Exotic Equivalence},
  author        = {Nikitas Nikandros and Constanze Roitzheim},
  year          = {2023},
  eprint        = {2301.09432},
  archiveprefix = {arXiv},
  primaryclass  = {math.AT}
}



@misc{nikolaus_2016,
  title         = {Stable $\infty$-Operads and the multiplicative Yoneda lemma},
  author        = {Thomas Nikolaus},
  year          = {2016},
  eprint        = {1608.02901},
  archiveprefix = {arXiv},
  primaryclass  = {math.AT},
  url           = {https://arxiv.org/abs/1608.02901}
}


@article{patchkoria_2013,
  title   = {On the algebraic classification of module spectra},
  volume  = {12},
  issn    = {1472-2747, 1472-2739},
  url     = {https://projecteuclid.org/journals/algebraic-and-geometric-topology/volume-12/issue-4/On-the-algebraic-classification-of-module-spectra/10.2140/agt.2012.12.2329.full},
  doi     = {10.2140/agt.2012.12.2329},
  number  = {4},
  journal = {Algebraic \& Geometric Topology},
  author  = {Patchkoria, Irakli},
  year    = {2012},
  pages   = {2329--2388}
}


@misc{patchkoria-pstragowski_2021,
  title         = {Adams spectral sequences and {F}ranke's algebraicity conjecture},
  author        = {Irakli Patchkoria and Piotr Pstr\a{}gowski},
  year          = {2021},
  eprint        = {2110.03669},
  archiveprefix = {arXiv},
  primaryclass  = {math.AT}
}


@article{peroux_2020,
  author = {Maximilien Thomas Holmberg-Peroux},
  title  = {{Highly Structured Coalgebras and Comodules}},
  year   = {2020},
  url    = {https://indigo.uic.edu/articles/thesis/Highly_Structured_Coalgebras_and_Comodules/13475667},
  doi    = {10.25417/uic.13475667.v1},
  note   = {PhD thesis, University of Illinois}
}


@article{peroux_2022,
  author  = {Maximilien Péroux},
  journal = {Journal of Pure and Applied Algebra},
  title   = {The coalgebraic enrichment of algebras in higher categories},
  year    = {2022},
  volume  = {226}
}


@book{positselski_2010,
  author    = {Leonid Positselski},
  title     = {Homological algebra of semimodules and semicontramodules: Semi-infinite homological algebra of associative algebraic structures},
  year      = {2010},
  publisher = {Birkhäuser},
  series    = {Monografie Matematyczne},
  volume    = {70}
}


@article{positselski_2011,
  author  = {Leonid Positselski},
  title   = {Two kinds of derived categories, Koszul duality, and comodule-contramodule correspondence},
  year    = {2011},
  journal = {Memoirs of the American Mathematical Society},
  volume  = {212}
}


@article{positselski_2016,
  author  = {Leonid Positselski},
  journal = {Journal of Pure and Applied Algebra},
  title   = {Dedualizing complexes and MGM duality},
  year    = {2016},
  volume  = {220}
}


@misc{positselski_2017_abelian,
  title         = {Abelian right perpendicular subcategories in module categories},
  author        = {Leonid Positselski},
  year          = {2017},
  eprint        = {1705.04960},
  archiveprefix = {arXiv},
  primaryclass  = {math.CT},
  url           = {https://arxiv.org/abs/1705.04960}
}


@article{positselski_2017_contraadjusted,
  author  = {Leonid Positselski},
  journal = {Moscow Mathematical Journal},
  title   = {Contraadjusted modules, contramodules, and reduced cotorsion modules},
  year    = {2017},
  volume  = {17}
}


@article{positselski_2020,
  author  = {Leonid Positselski},
  journal = {Journal of Lie Theory},
  title   = {Smooth duality and co-contra correspondence},
  year    = {2020},
  volume  = {30}
}


@article{positselski_2022,
  author  = {Leonid Positselski},
  journal = {Forum Mathematicum},
  title   = {Contramodules over pro-perfect topological rings},
  year    = {2022},
  volume  = {34}
}


@misc{positselski_2022_contramodules,
  title         = {Contramodules},
  author        = {Leonid Positselski},
  year          = {2022},
  eprint        = {1503.00991},
  archiveprefix = {arXiv},
  primaryclass  = {math.CT},
  url           = {https://arxiv.org/abs/1503.00991}
}


@article{pstragowski_2021,
  title   = {Chromatic homotopy theory is algebraic when $p>n^2+n+1$},
  volume  = {391},
  issn    = {0001-8708},
  url     = {https://www.sciencedirect.com/science/article/pii/S0001870821003972},
  doi     = {10.1016/j.aim.2021.107958},
  journal = {Advances in Mathematics},
  author  = {Pstr\a{}gowski, Piotr},
  year    = {2021},
  pages   = {107958}
}


@article{pstragowski_2022,
  title   = {Synthetic spectra and the cellular motivic category},
  volume  = {232},
  issn    = {1432-1297},
  url     = {https://doi.org/10.1007/s00222-022-01173-2},
  doi     = {10.1007/s00222-022-01173-2},
  number  = {2},
  journal = {Inventiones Mathematicae},
  author  = {Pstr\a{}gowski, Piotr},
  year    = {2023},
  pages   = {553--681}
}


@amisc{pstragowski_2023,
  title         = {Perfect even modules and the even filtration},
  author        = {Piotr Pstr\a{}gowski},
  year          = {2023},
  eprint        = {2304.04685},
  archiveprefix = {arXiv},
  primaryclass  = {math.AT}
}


@article{pstragowski_vankoughnett_2022,
  title   = {Abstract {Goerss}-{Hopkins} theory},
  volume  = {395},
  issn    = {0001-8708},
  url     = {https://www.sciencedirect.com/science/article/pii/S0001870821005375},
  doi     = {10.1016/j.aim.2021.108098},
  urldate = {2024-02-22},
  journal = {Advances in Mathematics},
  author  = {Piotr Pstr\a{}gowski  and Paul VanKoughnett},
  year    = {2022}
}


@misc{ramzi_2023,
  title         = {Separability in homotopical algebra},
  author        = {Maxime Ramzi},
  year          = {2023},
  eprint        = {2305.17236},
  archiveprefix = {arXiv},
  primaryclass  = {math.AT},
  url           = {https://arxiv.org/abs/2305.17236}
}


@misc{ramzi_2024,
  title         = {Dualizable presentable $\infty$-categories},
  author        = {Maxime Ramzi},
  year          = {2024},
  eprint        = {2410.21537},
  archiveprefix = {arXiv},
  primaryclass  = {math.CT},
  url           = {https://arxiv.org/abs/2410.21537}
}

@book{ravenel_86,
  title     = {Complex cobordismc and stable homotopy groups of spheres},
  edition   = {2},
  note      = {ISBN: 978-1-4704-7293-1},
  publisher = {AMS Chelsea Publishing},
  author    = {Ravenel, Douglas C.},
  year      = {1986}
}


@book{ravenel_92,
  title     = {Nilpotence and periodicity in stable homotopy theory},
  note      = {ISBN: 978-0-691-08792-4},
  url       = {https://www.jstor.org/stable/j.ctt1b9rzmg},
  publisher = {Princeton University Press},
  author    = {Ravenel, Douglas C.},
  year      = {1992}
}

@article{rezk_98,
  series    = {Contemp. {Math}.},
  title     = {Notes on the {Hopkins}--{Miller} theorem},
  volume    = {220},
  isbn      = {978-0-8218-0805-4},
  booktitle = {Homotopy theory via algebraic geometry and group representations ({Evanston}, {IL}, 1997)},
  publisher = {Amer. Math. Soc., Providence, RI},
  author    = {Rezk, Charles},
  year      = {1998},
  mrnumber  = {1642902},
  doi       = {10.1090/conm/220/03107},
  pages     = {313--366}
}


@misc{riedel_2024,
  title         = {On the deformation theory of $\mathbb{E}_\infty$-coalgebras},
  author        = {Florian Riedel},
  year          = {2024},
  eprint        = {2303.12958},
  archiveprefix = {arXiv},
  primaryclass  = {math.AT},
  url           = {https://arxiv.org/abs/2303.12958}
}



@article{riehl-verity_2015,
  title   = {Completeness results for quasi-categories of algebras, homotopy limits, and related general constructions},
  volume  = {17},
  issn    = {1532-0081},
  number  = {1},
  journal = {Homology, Homotopy and Applications},
  author  = {Riehl, Emily and Verity, Dominic},
  month   = jun,
  year    = {2015},
  note    = {Publisher: International Press of Boston},
  pages   = {1--33}
}


@book{rognes_08,
  series    = {Memoirs of the {American} {Mathematical} {Society}},
  title     = {Galois extensions of structured ring spectra},
  volume    = {192},
  note      = {ISBN: 978-0-8218-4076-4},
  url       = {https://www.ams.org/memo/0898},
  publisher = {American Mathematical Society},
  author    = {Rognes, John},
  year      = {2008},
  doi       = {10.1090/memo/0898}
}


@article{roitzheim_07,
  title   = {Rigidity and exotic models for the $K$-local stable homotopy category},
  volume  = {11},
  issn    = {1465-3060, 1364-0380},
  url     = {https://projecteuclid.org/journals/geometry-and-topology/volume-11/issue-4/Rigidity-and-exotic-models-for-the-Klocal-stable-homotopy-category/10.2140/gt.2007.11.1855.full},
  doi     = {10.2140/gt.2007.11.1855},
  number  = {4},
  journal = {Geometry \& Topology},
  author  = {Roitzheim, Constanze},
  year    = {2007},
  pages   = {1855--1886}
}



@article{rouquier_2008,
  author  = {Raphaël Rouquier},
  journal = {Journal of K-theory},
  title   = {Dimensions of triangulated categories},
  year    = {2008},
  volume  = {1}
}


@article{schwede_01,
  title   = {The stable homotopy category has a unique model at the prime $2$},
  volume  = {164},
  issn    = {0001-8708},
  url     = {https://www.sciencedirect.com/science/article/pii/S0001870801920092},
  doi     = {10.1006/aima.2001.2009},
  number  = {1},
  journal = {Advances in Mathematics},
  author  = {Schwede, Stefan},
  year    = {2001},
  pages   = {24--40}
}

@article{schwede_07,
  title   = {The stable homotopy category is rigid},
  volume  = {166},
  issn    = {0003-486X},
  doi     = {10.4007/annals.2007.166.837},
  number  = {3},
  journal = {Annals of Mathematics. Second Series},
  author  = {Schwede, Stefan},
  year    = {2007},
  pages   = {837--863}
}

@article{schwede-schipley_02,
  title   = {A uniqueness theorem for stable homotopy theory},
  volume  = {239},
  issn    = {1432-1823},
  url     = {https://doi.org/10.1007/s002090100347},
  doi     = {10.1007/s002090100347},
  number  = {4},
  journal = {Mathematische Zeitschrift},
  author  = {Schwede, Stefan and Shipley, Brooke},
  year    = {2002},
  pages   = {803--828}
}


@article{schwede-schipley_03,
  title   = {Stable model categories are categories of modules},
  volume  = {42},
  issn    = {0040-9383},
  url     = {https://www.sciencedirect.com/science/article/pii/S004093830200006X},
  doi     = {10.1016/S0040-9383(02)00006-X},
  number  = {1},
  journal = {Topology},
  author  = {Schwede, Stefan and Shipley, Brooke},
  year    = {2003},
  pages   = {103--153}
}


@misc{stefanich_2023,
  title         = {Classification of fully dualizable linear categories},
  author        = {Germán Stefanich},
  year          = {2023},
  eprint        = {2307.16337},
  archiveprefix = {arXiv},
  primaryclass  = {math.CT},
  url           = {https://arxiv.org/abs/2307.16337}
}


@article{stevenson_2013,
  title   = {Support theory via actions of tensor triangulated categories},
  volume  = {2013},
  issn    = {1435-5345},
  doi     = {10.1515/crelle-2012-0025},
  number  = {681},
  journal = {Journal für die reine und angewandte Mathematik},
  author  = {Stevenson, Greg},
  year    = {2013},
  pages   = {219--254}
}



@book{sullivan_05,
  title      = {Geometric topology: localization, periodicity and {Galois} symmetry: {The} 1970 {MIT} {Notes}},
  shorttitle = {Geometric {Topology}},
  note       = {ISBN: 978-1-4020-3511-1},
  url        = {https://www.semanticscholar.org/paper/Geometric-Topology%3A-Localization%2C-Periodicity-and-Sullivan-Ranicki/44bf70df05a3a5d269ee15bba55a4b0410e3eb7c},
  publisher  = {Springer},
  author     = {Sullivan, Dennis},
  year       = {2005}
}


@article{takahashi_2009,
  author  = {Ryo Takahashi},
  journal = {Kyoto Journal of Mathematics},
  title   = {On localizing subcategories of derived categories},
  year    = {2009},
  volume  = {49},
  pages   = {771--783}
}


@article{tarrio-lopez-salorio_2004,
  title   = {Bousfield localization on formal schemes},
  volume  = {278},
  issn    = {0021-8693},
  doi     = {10.1016/j.jalgebra.2004.02.030},
  number  = {2},
  journal = {Journal of Algebra},
  author  = {Alonso Tarrío, Leovigildo and Jeremías López, Ana and Souto Salorio, María José},
  year    = {2004},
  pages   = {585--610}
}


@article{toda_68,
  title   = {Extended \$p\$-th powers of complexes and applications to homotopy theory},
  volume  = {44},
  issn    = {0021-4280},
  url     = {https://projecteuclid.org/journals/proceedings-of-the-japan-academy/volume-44/issue-4/Extended-p-th-powers-of-complexes-and-applications-to-homotopy/10.3792/pja/1195521243.full},
  doi     = {10.3792/pja/1195521243},
  number  = {4},
  journal = {Proceedings of the Japan Academy},
  author  = {Toda, Hirosi},
  year    = {1968},
  pages   = {198--203}
}


@article{zhang-cai_2017,
  title   = {A note on thick subcategories and wide subcategories},
  volume  = {19},
  issn    = {15320073, 15320081},
  doi     = {10.4310/HHA.2017.v19.n2.a8},
  number  = {2},
  journal = {Homology, Homotopy and Applications},
  author  = {Zhang, Chao and Cai, Hongyan},
  year    = {2017},
  pages   = {131--139}
}
